<?xml version="1.0" encoding="UTF-8"?><collection xmlns="http://www.loc.gov/MARC21/slim"><record><leader>00323nam--2200121-i-4500</leader><controlfield tag="001">000007203</controlfield><controlfield tag="002">20161230</controlfield><controlfield tag="005">20161230201027</controlfield><controlfield tag="008">060222s1000------------r-----000-0-eng-d</controlfield><datafield ind1=" " ind2=" " tag="100"><subfield code="a">Baum, John D</subfield></datafield><datafield ind1=" " ind2=" " tag="245"><subfield code="a">Elements of point set topology</subfield></datafield><datafield ind1=" " ind2=" " tag="260"><subfield code="a">Englewood Cliffs, N.J., Prentice-hall, Inc., 1964 X + 150 P</subfield></datafield><datafield ind1=" " ind2=" " tag="852"><subfield code="a">21694</subfield></datafield></record></collection>